@manual{sample,
  organization = {TU Dortmund, Fakult√§t Physik},
  title = {Absorption von Beta- und Gamma-Strahlung},
  year = 2022
}
@manual{aludichte,
  organization = {Wolfram Alpha, besucht am 14.06.2022},
  title = {Dichte von Aluminium},
  URL = "https://www.wolframalpha.com/input?i=density+of+aluminum+in+kg%2Fm%5E3"
}
