@manual{sample,
  organization = {TU Dortmund, Fakult√§t Physik},
  title = {Thermische Elektronenemission}
}
