@manual{sample,
  organization = {TU Dortmund, Fakult√§t Physik},
  title = {Versuch 407; Fresnelsche Formeln}
  }
