@manual{1,
  organization = {TU Dortmund, Fakult√§t Physik},
  title = {US2: Scanverfahren in der Ultraschalltechnik},
  year = 2022
}
