@manual{sample,
  organization = {TU Dortmund, Fakultät Physik},
  title = {Der Millikan-Öltröpfchenversuch}
}

@manual{enull,
  organization = {Committee on Data for Science and Technology},
  title = {Elementarladung},
  URL = "https://physics.nist.gov/cgi-bin/cuu/Value?e"
}