@manual{sample,
  organization = {TU Dortmund, Fakult√§t Physik},
  title = {US1: Grundlagen der Ultraschalltechnik},
  year = 2022
}
