@manual{sample,
  organization = {TU Dortmund, Fakult√§t Physik},
  title = {V404: Reflexion, Brechung und Beugung},
  year = 2022
}
