@manual{sample,
  organization = {TU Dortmund, Fakultät Physik},
  title = {Versuch 606, Messung der Suszeptibilität paramagnetischer Substanzen}
}
