


@manual{sample,
	organization = {TU Dortmund, Fakultät Physik},
	title = {Versuch Röntgenemission und Absorption}}
