%% This BibTeX bibliography file was created using BibDesk.
%% https://bibdesk.sourceforge.io/

%% Created for Sadiah Azeem at 2022-04-12 21:18:22 +0200 


%% Saved with string encoding Unicode (UTF-8) 



@article{matplotlib,
	author = {Hunter, John D.},
	journal = {Computing in Science \& Engineering},
	number = {3},
	pages = {90--95},
	publisher = {IEEE},
	title = {{Matplotlib}: A {2D} Graphics Environment},
	url = {http://matplotlib.org/},
	version = {1.4.3},
	volume = {9},
	year = {2007},
	bdsk-url-1 = {http://matplotlib.org/}}

@article{numpy,
	author = {Oliphant, Travis E.},
	journal = {Computing in Science \& Engineering},
	number = {3},
	pages = {10--20},
	publisher = {IEEE},
	title = {{NumPy}: {Python} for Scientific Computing},
	url = {http://www.numpy.org/},
	version = {1.9.2},
	volume = {9},
	year = {2007},
	bdsk-url-1 = {http://www.numpy.org/}}

@software{scipy,
	author = {Jones, Eric and Oliphant, Travis E. and Peterson, Pearu and others},
	title = {{SciPy}: Open source scientific tools for {Python}},
	url = {http://www.scipy.org/},
	version = {0.16.0},
	bdsk-url-1 = {http://www.scipy.org/}}

@software{uncertainties,
	author = {Lebigot, Eric O.},
	title = {Uncertainties: a Python package for calculations with uncertainties},
	url = {http://pythonhosted.org/uncertainties/},
	version = {2.4.6.1},
	bdsk-url-1 = {http://pythonhosted.org/uncertainties/}}
