@manual{sample,
  organization = {TU Dortmund, Fakultät Physik},
  title = {Das Geiger-Müller-Zählrohr}
    }

