@manual{sample,
  organization = {TU Dortmund, Fakult√§t Physik},
  title = {Doppler-Sonographie},
  year = 2022
}
