@manual{1,
  organization = {TU Dortmund, Fakult√§t Physik},
  title = {V701: Reichweite von Alpha-Strahlung},
  year = 2022
}
