@manual{sample,
  organization = {TU Dortmund, Fakultaet Physik},
  title = {Versuch 401: Das Michelson-Interferometer}
  }
